@online{reversiimpl,
title = {Mechanika Reversi},
author = {Dr inż. Piotr Syga},
addendum = "(dostępne 1.05.2023)",
url = "https://syga.kft.pwr.edu.pl/courses/siiiw/reversi.py"
}